<?xml version="1.0" encoding="utf-8"?>
<record xmlns="http://www.loc.gov/MARC21/slim" xmlns:xsi="http://www.w3.org/2001/XMLSchema-instance" xsi:schemaLocation="http://www.loc.gov/MARC21/slim http://www.loc.gov/standards/marcxml/schema/MARC21slim.xsd">
	<leader>     nam a22     Mi 4500</leader>
	<controlfield tag="001">b12632454</controlfield>
	<controlfield tag="003">LeBAU</controlfield>
	<controlfield tag="006">m        d        </controlfield>
	<controlfield tag="007">cr cn |||m|||a</controlfield>
	<controlfield tag="008">181029m19351971le afh  ob    ||1 0 ara d</controlfield>
	<datafield ind1=" " ind2=" " tag="040">
		<subfield code="a">ZYU</subfield>
		<subfield code="b">ara</subfield>
		<subfield code="e">rda</subfield>
		<subfield code="c">ZYU</subfield>
	</datafield>
	<datafield ind1="0" ind2=" " tag="041">
		<subfield code="a">ara</subfield>
		<subfield code="b">eng</subfield>
	</datafield>
	<datafield ind1=" " ind2="4" tag="050">
		<subfield code="a">PJ7700.U4</subfield>
		<subfield code="b">Z62 1935</subfield>
	</datafield>
	<datafield ind1="0" ind2="4" tag="082">
		<subfield code="a">892.78</subfield>
		<subfield code="2">22</subfield>
	</datafield>
	<datafield ind1="1" ind2=" " tag="100">
		<subfield code="6">880-01</subfield>
		<subfield code="a">Jabbūr, Jibrāʼīl Sulaymān,</subfield>
		<subfield code="e">author.</subfield>
	</datafield>
	<datafield ind1="1" ind2="0" tag="245">
		<subfield code="6">880-02</subfield>
		<subfield code="a">‘Umar ibn Abī Rabī‘ah :</subfield>
		<subfield code="b">wa-huwa dirāsah taḥlīlīyah fī thalāthat ajzā’ tabḥathu fī ‘aṣrihi wa-ḥayātihi wa-shi‘rihi /</subfield>
		<subfield code="c">bi-qalam Jibrā’īl Sulaymān Jabbūr, aḥad asātidhat al-Dā’irah al-‘Arabīyah fī Jāmi‘at Bayrūt al-Amīrikīyah.</subfield>
	</datafield>
	<datafield ind1="1" ind2="5" tag="246">
		<subfield code="6">880-03</subfield>
		<subfield code="a">Ḥubb ibn Abī Rabī‘ah wa-shi‘ruh</subfield>
		<subfield code="b">HIS AGE, LIFE, AND WORKS</subfield>
		<subfield code="i">Volume 3 has title:</subfield>
	</datafield>
	<datafield ind1="1" ind2=" " tag="246">
		<subfield code="6">880-04</subfield>
		<subfield code="i">Volume 3 has title:</subfield>
		<subfield code="a">‘UMAR IBN ABĪ RABĪ‘AH :</subfield>
	</datafield>
	<datafield ind1=" " ind2="1" tag="264">
		<subfield code="6">880-05</subfield>
		<subfield code="a">Bayrūt :</subfield>
		<subfield code="b">al-Jāmi‘ah al-Amīrikīyah fī Bayrūt, Manshūrāt Kullīyat al-‘Ulūm wa-al-Ādāb,</subfield>
		<subfield code="c">1935-1971.</subfield>
	</datafield>
	<datafield ind1=" " ind2=" " tag="300">
		<subfield code="6">880-06</subfield>
		<subfield code="a">online resource (3 volumes) :</subfield>
		<subfield code="b">illustrations, facsimile</subfield>
	</datafield>
	<datafield ind1=" " ind2=" " tag="336">
		<subfield code="a">text</subfield>
		<subfield code="2">rdacontent</subfield>
	</datafield>
	<datafield ind1=" " ind2=" " tag="337">
		<subfield code="a">computer</subfield>
		<subfield code="2">rdamedia</subfield>
	</datafield>
	<datafield ind1=" " ind2=" " tag="338">
		<subfield code="a">online resource</subfield>
		<subfield code="2">rdacarrier</subfield>
	</datafield>
	<datafield ind1="1" ind2=" " tag="490">
		<subfield code="6">880-07</subfield>
		<subfield code="a">Manshūrāt Kullīyat al-‘Ulūm wa-al-Ādāb. Silsilat al-‘ulūm al-sharqīyah ;</subfield>
		<subfield code="v">al-ḥalaqah al-sābia‘h, al-ḥalaqah al-thālithah a‘sharah</subfield>
	</datafield>
	<datafield ind1=" " ind2=" " tag="500">
		<subfield code="a">Part of the Arabic Collections Online (ACO) project, contributed by American University of Beirut's Jafet Memorial Library.</subfield>
	</datafield>
	<datafield ind1=" " ind2=" " tag="533">
		<subfield code="a">Electronic reproduction.</subfield>
		<subfield code="b">New York, N.Y. :</subfield>
		<subfield code="c">New York University,</subfield>
		<subfield code="d">2018.</subfield>
		<subfield code="5">NNU</subfield>
	</datafield>
	<datafield ind1="0" ind2="0" tag="600">
		<subfield code="6">880-08</subfield>
		<subfield code="a">ʻUmar ibn Abī Rabīʻah,</subfield>
		<subfield code="d">643 or 644-711 or 712</subfield>
		<subfield code="x">Criticism and interpretation.</subfield>
	</datafield>
	<datafield ind1=" " ind2="0" tag="650">
		<subfield code="6">880-09</subfield>
		<subfield code="a">Arabic poetry</subfield>
		<subfield code="y">622-750</subfield>
		<subfield code="x">History and criticism.</subfield>
	</datafield>
	<datafield ind1=" " ind2="0" tag="650">
		<subfield code="6">880-10</subfield>
		<subfield code="a">Poets, Arab</subfield>
		<subfield code="y">622-750</subfield>
		<subfield code="v">Biography.</subfield>
	</datafield>
	<datafield ind1="2" ind2=" " tag="710">
		<subfield code="a">Jafet Memorial Library.</subfield>
	</datafield>
	<datafield ind1="0" ind2=" " tag="730">
		<subfield code="a">Arabic Collections Online.</subfield>
	</datafield>
	<datafield ind1="0" ind2=" " tag="762">
		<subfield code="6">880-11</subfield>
		<subfield code="a">Silsilat al-‘ulūm al-sharqīyah</subfield>
	</datafield>
	<datafield ind1="0" ind2="8" tag="776">
		<subfield code="i">Print version:</subfield>
		<subfield code="a">Jabbūr, Jibrāʼīl Sulaymān, author.</subfield>
		<subfield code="t">‘Umar ibn Abī Rabī‘ah</subfield>
		<subfield code="w">(LeBAU)b12632454</subfield>
	</datafield>
	<datafield ind1=" " ind2="0" tag="830">
		<subfield code="6">880-12</subfield>
		<subfield code="a">Publication of the Faculty of Arts and Sciences.</subfield>
		<subfield code="p">Oriental series ;</subfield>
		<subfield code="v">7, 13.</subfield>
	</datafield>
	<datafield ind1="4" ind2="0" tag="856">
		<subfield code="u">http://hdl.handle.net/2333.1/02v6x3w3</subfield>
	</datafield>
	<datafield ind1="1" ind2=" " tag="880">
		<subfield code="6">100-01</subfield>
		<subfield code="a">جبور، جبرائيل سليمان،</subfield>
		<subfield code="e">مؤلف.</subfield>
		<subfield code="4">aut.</subfield>
	</datafield>
	<datafield ind1="1" ind2="0" tag="880">
		<subfield code="6">245-02</subfield>
		<subfield code="a">عمر إبن أبي ربيعة :</subfield>
		<subfield code="b">وهو دراسة تحليلية في ثلاثة أجزاء تبحث في عصره وحياته وشعره /</subfield>
		<subfield code="c">بقلم جبرائيل سليمان جبور، أحد أساتذة الدائرة العربية في جامعة بيروت الأميركية.</subfield>
	</datafield>
	<datafield ind1="1" ind2="5" tag="880">
		<subfield code="6">246-03</subfield>
		<subfield code="i">عنوان الجزء الثالث:</subfield>
		<subfield code="a">حب عمر إبن أبي ربيعة وشعره</subfield>
	</datafield>
	<datafield ind1="1" ind2=" " tag="880">
		<subfield code="6">246-04</subfield>
		<subfield code="i">Volume 3 has title:</subfield>
		<subfield code="a">عمر إبن أبي ربيعة :</subfield>
	</datafield>
	<datafield ind1=" " ind2="1" tag="880">
		<subfield code="6">264-05</subfield>
		<subfield code="a">بيروت :</subfield>
		<subfield code="b">الجامعة الأميركية في بيروت، منشورات كلية العلوم والآداب،</subfield>
		<subfield code="c">1935-1971.</subfield>
	</datafield>
	<datafield ind1=" " ind2=" " tag="880">
		<subfield code="6">300-06</subfield>
		<subfield code="a">3 أجزاء :</subfield>
		<subfield code="b">مصورات، صورة طبق الأصل ؛</subfield>
		<subfield code="c">23 سم.</subfield>
	</datafield>
	<datafield ind1="1" ind2=" " tag="880">
		<subfield code="6">490-07</subfield>
		<subfield code="a">منشورات كلية العلوم والآداب. سلسلة العلوم الشرقية ؛</subfield>
		<subfield code="v">الحلقة السابعة، الحلقة الثالثة عشرة</subfield>
	</datafield>
	<datafield ind1=" " ind2=" " tag="880">
		<subfield code="6">500-00</subfield>
		<subfield code="a">منشورات أساتذة الجامعة الاميركية في بيروت.</subfield>
	</datafield>
	<datafield ind1=" " ind2=" " tag="880">
		<subfield code="6">500-00</subfield>
		<subfield code="a">الجزء الثالث: طبعة أولى، دار العلم للملايين، بيروت، 1971.</subfield>
	</datafield>
	<datafield ind1=" " ind2=" " tag="880">
		<subfield code="6">501-00</subfield>
		<subfield code="a">تم تجليد الأجزاء 1-2 في مجلد واحد (نسختي مكتبة يافث)</subfield>
	</datafield>
	<datafield ind1=" " ind2=" " tag="880">
		<subfield code="6">504-00</subfield>
		<subfield code="a">يتضمن مراجع ببليوغرافية وكشافات.</subfield>
	</datafield>
	<datafield ind1="0" ind2="0" tag="880">
		<subfield code="6">505-00</subfield>
		<subfield code="a">عمر إبن أبي ربيعة:</subfield>
		<subfield code="g">الجزء الأول.</subfield>
		<subfield code="t">عصر إبن أبي ربيعة --</subfield>
		<subfield code="g">الجزء الثاني.</subfield>
		<subfield code="t">حياة إبن أبي ربيعة.</subfield>
	</datafield>
	<datafield ind1=" " ind2=" " tag="880">
		<subfield code="6">546-00</subfield>
		<subfield code="a">النص بالعربية؛ مع مقدمة بالإنجليزية.</subfield>
	</datafield>
	<datafield ind1=" " ind2=" " tag="880">
		<subfield code="6">588-00</subfield>
		<subfield code="a">الوصف يستند الى الجزء الأول.</subfield>
	</datafield>
	<datafield ind1=" " ind2=" " tag="880">
		<subfield code="6">590-00</subfield>
		<subfield code="a">الجزء الاول من نسخة مكتبة يافث الأولى يتضمن صفحات مصورة من 179-194.</subfield>
	</datafield>
	<datafield ind1="0" ind2="4" tag="880">
		<subfield code="6">600-08</subfield>
		<subfield code="a">عمر بن أبي ربيعة،</subfield>
		<subfield code="d">643 او 644-711 او 712</subfield>
		<subfield code="x">نقد وتأويل.</subfield>
	</datafield>
	<datafield ind1=" " ind2="4" tag="880">
		<subfield code="6">650-09</subfield>
		<subfield code="a">الشعر العربي</subfield>
		<subfield code="y">622-750</subfield>
		<subfield code="x">تاريخ ونقد.</subfield>
	</datafield>
	<datafield ind1=" " ind2="4" tag="880">
		<subfield code="6">650-10</subfield>
		<subfield code="a">الشعراء العرب</subfield>
		<subfield code="y">622-750</subfield>
		<subfield code="v">تراجم.</subfield>
	</datafield>
	<datafield ind1="0" ind2=" " tag="880">
		<subfield code="6">762-11</subfield>
		<subfield code="a">سلسلة العلوم الشرقية</subfield>
	</datafield>
	<datafield ind1=" " ind2="0" tag="880">
		<subfield code="6">830-12</subfield>
		<subfield code="a">منشورات كلية العلوم والآداب.</subfield>
		<subfield code="p">سلسلة العلوم الشرقية ؛</subfield>
		<subfield code="v">7، 13.</subfield>
	</datafield>
	<datafield ind1=" " ind2=" " tag="959">
		<subfield code="a">NNU</subfield>
		<subfield code="b">WEB</subfield>
		<subfield code="c">GENI</subfield>
		<subfield code="t">0</subfield>
		<subfield code="m">Electronic access</subfield>
		<subfield code="s">01</subfield>
	</datafield>
	<datafield ind1=" " ind2=" " tag="999">
		<subfield code="i">LeBAU_b12632454</subfield>
		<subfield code="s">aub_aco002056:v.1</subfield>
		<subfield code="s">aub_aco002057:v.2</subfield>
		<subfield code="e">(ERROR-880)</subfield>
		<subfield code="s">aub_aco002056:v.1</subfield>
		<subfield code="s">aub_aco002057:v.2</subfield>
	</datafield>
</record>
